<collection xmlns="http://www.loc.gov/MARC21/slim">
<record>
  <leader>02009nam0a22003731i 450 </leader>
  <controlfield tag="001">IT\ICCU\CNCE\020158</controlfield>
  <controlfield tag="005">20150724000000.0</controlfield>
  <datafield tag="012" ind1=" " ind2=" ">
    <subfield code="a">a-u- a-*- s-i- raEm (C) 1533 (R)</subfield>
    <subfield code="2">fei</subfield>
  </datafield>
  <datafield tag="100" ind1=" " ind2=" ">
    <subfield code="a">19970101d1533        0itac0103    ba</subfield>
  </datafield>
  <datafield tag="101" ind1=" " ind2=" ">
    <subfield code="a">LAT</subfield>
  </datafield>
  <datafield tag="102" ind1=" " ind2=" ">
    <subfield code="a">IT</subfield>
  </datafield>
  <datafield tag="200" ind1="1" ind2=" ">
    <subfield code="a">℗Galeni ℗Comitiali puero consilium bifariam de Graeco in Latinum conuersum. Eiusdem libellus De paruae pilae exercitio. Gregorij Nazanzeni theologi Oratio in apparitionem, siue natalitia Saluatoris. Interprete ... Valerio Centannio Vicentino</subfield>
  </datafield>
  <datafield tag="210" ind1=" " ind2=" ">
    <subfield code="e">Impressum Venetiis</subfield>
    <subfield code="g">per Aurelium Pintium Venetum</subfield>
    <subfield code="h">1533 mense Octobris</subfield>
  </datafield>
  <datafield tag="215" ind1=" " ind2=" ">
    <subfield code="a">\40! c.</subfield>
    <subfield code="d">8ʻ</subfield>
  </datafield>
  <datafield tag="620" ind1=" " ind2=" ">
    <subfield code="a">IT</subfield>
    <subfield code="d">Venezia</subfield>
  </datafield>
  <datafield tag="700" ind1=" " ind2="1">
    <subfield code="a">Galenus,</subfield>
    <subfield code="b">Claudius</subfield>
    <subfield code="3">IT\ICCU\CNCA\000093</subfield>
  </datafield>
  <datafield tag="702" ind1=" " ind2="0">
    <subfield code="a">Gregorius</subfield>
    <subfield code="c"> : Nazianzenus</subfield>
    <subfield code="c"> &lt;santo&gt;</subfield>
    <subfield code="3">IT\ICCU\CNCA\000352</subfield>
  </datafield>
  <datafield tag="702" ind1=" " ind2="1">
    <subfield code="a">Centannius,</subfield>
    <subfield code="b">Valerius</subfield>
    <subfield code="3">IT\ICCU\CNCA\005629</subfield>
  </datafield>
  <datafield tag="712" ind1="0" ind2="0">
    <subfield code="a">Pinzi, Aurelio</subfield>
    <subfield code="3">IT\ICCU\CNCT\000792</subfield>
    <subfield code="4">650</subfield>
  </datafield>
  <datafield tag="790" ind1=" " ind2="1">
    <subfield code="a">Galeno,</subfield>
    <subfield code="b">Claudio</subfield>
    <subfield code="3">IT\ICCU\CNCA\014027</subfield>
    <subfield code="z">Galenus, Claudius</subfield>
  </datafield>
  <datafield tag="790" ind1=" " ind2="0">
    <subfield code="a">Galeno</subfield>
    <subfield code="3">IT\ICCU\CNCA\025929</subfield>
    <subfield code="z">Galenus, Claudius</subfield>
  </datafield>
  <datafield tag="790" ind1=" " ind2="0">
    <subfield code="a">Gregorio</subfield>
    <subfield code="c"> : Nazianzeno</subfield>
    <subfield code="c"> &lt;santo&gt;</subfield>
    <subfield code="3">IT\ICCU\CNCA\014456</subfield>
    <subfield code="z">Gregorius : Nazianzenus &lt;santo&gt;</subfield>
  </datafield>
  <datafield tag="791" ind1="0" ind2="0">
    <subfield code="a">Pintius, Aurelius</subfield>
    <subfield code="3">IT\ICCU\CNCT\002521</subfield>
    <subfield code="z">Pinzi, Aurelio</subfield>
  </datafield>
  <datafield tag="791" ind1="0" ind2="0">
    <subfield code="a">Pincius, Aurelius</subfield>
    <subfield code="3">IT\ICCU\CNCT\004045</subfield>
    <subfield code="z">Pinzi, Aurelio</subfield>
  </datafield>
  <datafield tag="791" ind1="0" ind2="0">
    <subfield code="a">Pincio, Aurelio</subfield>
    <subfield code="3">IT\ICCU\CNCT\005434</subfield>
    <subfield code="z">Pinzi, Aurelio</subfield>
  </datafield>
  <datafield tag="801" ind1=" " ind2="3">
    <subfield code="a">IT</subfield>
    <subfield code="b">ICCU</subfield>
    <subfield code="c">20201114</subfield>
  </datafield>
  <datafield tag="899" ind1=" " ind2=" ">
    <subfield code="a">Biblioteca Apostolica Vaticana. Citt ̉del Vaticano</subfield>
    <subfield code="1">EX0001</subfield>
    <subfield code="2">ZCV 01</subfield>
  </datafield>
  <datafield tag="899" ind1=" " ind2=" ">
    <subfield code="a">Biblioteca comunale. Carpi</subfield>
    <subfield code="1">MO0012</subfield>
    <subfield code="2">MOD CR</subfield>
  </datafield>
  <datafield tag="899" ind1=" " ind2=" ">
    <subfield code="a">Biblioteca universitaria. Padova</subfield>
    <subfield code="1">PD0158</subfield>
    <subfield code="2">PUV 00</subfield>
  </datafield>
  <datafield tag="899" ind1=" " ind2=" ">
    <subfield code="a">Biblioteca nazionale universitaria. Torino</subfield>
    <subfield code="1">TO0265</subfield>
    <subfield code="2">TO0 02</subfield>
  </datafield>
  <datafield tag="899" ind1=" " ind2=" ">
    <subfield code="a">Biblioteca nazionale Marciana. Venezia</subfield>
    <subfield code="1">VE0049</subfield>
    <subfield code="2">VEA BM</subfield>
  </datafield>
  <datafield tag="899" ind1=" " ind2=" ">
    <subfield code="a">Biblioteca civica Bertoliana. Vicenza</subfield>
    <subfield code="1">VI0096</subfield>
    <subfield code="2">VIA BE</subfield>
  </datafield>
  <datafield tag="911" ind1=" " ind2=" ">
    <subfield code="a">Sul front.</subfield>
    <subfield code="9">IT\ICCU\CNCM\001564</subfield>
  </datafield>
  <datafield tag="921" ind1=" " ind2=" ">
    <subfield code="a">IT\ICCU\CNCM\001564</subfield>
    <subfield code="b">Iniziali A.V.P. sormontate da croce in scudo. Nella cornice del frontespizio.</subfield>
    <subfield code="c">U460</subfield>
    <subfield code="d">Dimensioni dello scudo: 2,2 x 2,5</subfield>
    <subfield code="f">AVP</subfield>
    <subfield code="g">1533-1538</subfield>
  </datafield>
</record>
</collection>
